<collection xmlns="http://www.loc.gov/MARC21/slim">
<record>
  <leader>01450nam0a22002891i 450 </leader>
  <controlfield tag="001">IT\ICCU\CNCE\058300</controlfield>
  <controlfield tag="005">20130206000000.0</controlfield>
  <datafield tag="012" ind1=" " ind2=" ">
    <subfield code="a">s?s. s.u, i.t: AnQu (3) 1570 (R)</subfield>
    <subfield code="2">fei</subfield>
  </datafield>
  <datafield tag="100" ind1=" " ind2=" ">
    <subfield code="a">20040520d1570        0itac0103    ba</subfield>
  </datafield>
  <datafield tag="101" ind1=" " ind2=" ">
    <subfield code="a">LAT</subfield>
  </datafield>
  <datafield tag="102" ind1=" " ind2=" ">
    <subfield code="a">IT</subfield>
  </datafield>
  <datafield tag="200" ind1="1" ind2=" ">
    <subfield code="a">℗Publi Ovidii Nasonis poetae Sulmonensis ℗Heroides epistolae. Cum argumentis ac scholijs eruditissimorum virorum, ac postrem ̣Guidonis Morillonij, et Iacobi Micylli diligentia emendatiores dilucidioresque factae</subfield>
  </datafield>
  <datafield tag="210" ind1=" " ind2=" ">
    <subfield code="a">In Monteregali</subfield>
    <subfield code="c">apud Ioannem Franciscum Cignam</subfield>
    <subfield code="d">1570</subfield>
    <subfield code="e">\Mondov!</subfield>
    <subfield code="g">excudebat Petrus Franciscus Burghesius civis Vercellensis</subfield>
    <subfield code="h">1570</subfield>
  </datafield>
  <datafield tag="215" ind1=" " ind2=" ">
    <subfield code="a">152 p.</subfield>
    <subfield code="d">8ʻ</subfield>
  </datafield>
  <datafield tag="620" ind1=" " ind2=" ">
    <subfield code="a">IT</subfield>
    <subfield code="d">Mondov</subfield>
  </datafield>
  <datafield tag="700" ind1=" " ind2="1">
    <subfield code="a">Ovidius Naso,</subfield>
    <subfield code="b">Publius</subfield>
    <subfield code="3">IT\ICCU\CNCA\003076</subfield>
  </datafield>
  <datafield tag="702" ind1=" " ind2="1">
    <subfield code="a">Moltzer,</subfield>
    <subfield code="b">Jacob</subfield>
    <subfield code="3">IT\ICCU\CNCA\012454</subfield>
  </datafield>
  <datafield tag="702" ind1=" " ind2="1">
    <subfield code="a">Morillon,</subfield>
    <subfield code="b">Gui</subfield>
    <subfield code="3">IT\ICCU\CNCA\012458</subfield>
  </datafield>
  <datafield tag="712" ind1="0" ind2="0">
    <subfield code="a">Borghesio, Pietro Francesco</subfield>
    <subfield code="3">IT\ICCU\CNCT\001236</subfield>
    <subfield code="4">650</subfield>
  </datafield>
  <datafield tag="790" ind1=" " ind2="0">
    <subfield code="a">Ovidius</subfield>
    <subfield code="3">IT\ICCU\CNCA\022433</subfield>
    <subfield code="z">Ovidius Naso, Publius</subfield>
  </datafield>
  <datafield tag="790" ind1=" " ind2="0">
    <subfield code="a">Publius Ovidius Naso</subfield>
    <subfield code="3">IT\ICCU\CNCA\022434</subfield>
    <subfield code="z">Ovidius Naso, Publius</subfield>
  </datafield>
  <datafield tag="790" ind1=" " ind2="1">
    <subfield code="a">Micyllus,</subfield>
    <subfield code="b">Jacobus</subfield>
    <subfield code="3">IT\ICCU\CNCA\022781</subfield>
    <subfield code="z">Moltzer, Jacob</subfield>
  </datafield>
  <datafield tag="790" ind1=" " ind2="1">
    <subfield code="a">Morillonus,</subfield>
    <subfield code="b">Guido</subfield>
    <subfield code="3">IT\ICCU\CNCA\021186</subfield>
    <subfield code="z">Morillon, Gui</subfield>
  </datafield>
  <datafield tag="790" ind1=" " ind2="1">
    <subfield code="a">Morillon,</subfield>
    <subfield code="b">Guy</subfield>
    <subfield code="3">IT\ICCU\CNCA\021810</subfield>
    <subfield code="z">Morillon, Gui</subfield>
  </datafield>
  <datafield tag="791" ind1="0" ind2="0">
    <subfield code="a">Burghesius, Petrus Franciscus</subfield>
    <subfield code="3">IT\ICCU\CNCT\003642</subfield>
    <subfield code="z">Borghesio, Pietro Francesco</subfield>
  </datafield>
  <datafield tag="801" ind1=" " ind2="3">
    <subfield code="a">IT</subfield>
    <subfield code="b">ICCU</subfield>
    <subfield code="c">20201115</subfield>
  </datafield>
  <datafield tag="899" ind1=" " ind2=" ">
    <subfield code="a">Biblioteca Ambrosiana. Milano</subfield>
    <subfield code="1">MI0133</subfield>
    <subfield code="2">VBA 01</subfield>
  </datafield>
</record>
</collection>
